%References.bib
@article{Example_Reference,
   title={A paper to reference},
   url={http://www.examplewebsite.org},
   journal={Journal X},
   author={Author 1 and Author 2},
   year={2024}}

@article{scc_tree_reference,
   title={Improved deterministic algorithms for decremental reachability and strongly connected components},
   url={http://dx.doi.org/10.1145/2483699.2483707},
   journal={ACM Trans. Algorithms, 9, 3, Article 27},
   author={Jakub Lacki},
   month={June},
   year={2013}}